@Book{1,
author = {Czekała, M.},
title = {Analiza Fundamentalna i Techniczna},
publisher = {Wydawnictwo Akademii Ekonomicznej im. Oskara Langego we Wrocławiu},
year = {1997}
}

@Book{2,
author = {Krutsinger, J.},
title = {Systemy Transakcyjne Sekrety Mistrzów},
publisher = {WIG PRESS},
year = {1998}
}

@Book{3,
author = {Morris, G. L.},
title = {Wykresy Świecowe},
publisher = {Dom Wydawniczy ABN},
year = {1998}
}

@Book{4,
author = {Nison, S.},
title = {Świece i Inne Japońskie Techniki Analizowania Wykresów},
publisher = {WIG PRESS},
year = {1996}
}

@Book{5,
author = {Murphy, J.J.},
title = {Analiza Techniczna Rynków Finansowych},
publisher = {WIG PRESS},
year = {1999}
}

@Book{6,
author = {Perz, P.},
title = {Sztuka Inwestowania},
publisher = {K. E. Liber},
year = {2008}
}

@Book{7,
author = {Pring, M. J.},
title = {Technical Analysis Explained: The Successful Investors's Guide to Spotting Invenstment Trends and Turning Points},
publisher = {Mcgraw-Hill}
}

@Book{8,
author = {Tarczyński, W.},
title = {Dywersyfikacja Ryzyka Na Polskim Rynku Kapitałowym},
publisher = {Placet},
year = {2004}
}

@Book{9,
author = {Sudel, P.},
title = {Wprowadzenie Do Gry Na Giełdzie Walutowej},
year = {2000}
}



@manual{9,
	organization = {mql4 community},
	year = {2012},
	title = {{MQL4 Documentation}},
	note = {\\\texttt{http://docs.mql4.com}}
}

@Manual{ARM06,
title = {Ada Reference Manual {ISO}/{IEC} 8652:200y({E}) {E}d. 3},
organization = {Ada Europe},
year = {2006}
}

@Article{BuDo03,
author = {Burns, A. and Dobbing, B.},
title = {The {R}avenscar {P}rofile for Real--Time and High Integrity Systems},
journal = {Cross{T}alk},
year = {2003},
volume = {16},
number = {11},
pages = {9-12}
}



